@misc{oauthprotocol,
 title={OAuth Protocol},
 url={https://tools.ietf.org/html/rfc6749}
}

@misc{scribejava,
 title={ScribeJava könyvtár},
 url={https://github.com/scribejava/scribejava}
}